@inproceedings{cai2017higher,
  title={Higher-order integration of hierarchical convolutional activations for fine-grained visual categorization},
  author={Cai, Sijia and Zuo, Wangmeng and Zhang, Lei},
  booktitle={Proceedings of the IEEE Conference on Computer Vision and Pattern Recognition},
  pages={511--520},
  year={2017}
}